{
  "leader": "04313cam a2200517 a 4500",
  "fields": [
    {
      "001": "ocm26471004\\"
    },
    {
      "003": "OCoLC"
    },
    {
      "005": "20220105154445.0"
    },
    {
      "008": "921022s1992\\\\\\\\enk\\\\\\\\\\\\b\\\\\\\\001\\0\\eng\\\\"
    },
    {
      "010": {
        "ind1": "\\",
        "ind2": "\\",
        "subfields": [
          {
            "a": "   92230805 "
          }
        ]
      }
    },
    {
      "040": {
        "ind1": "\\",
        "ind2": "\\",
        "subfields": [
          {
            "a": "DLC"
          },
          {
            "b": "eng"
          },
          {
            "c": "DLC"
          },
          {
            "d": "WEA"
          },
          {
            "d": "OCLCQ"
          },
          {
            "d": "BTCTA"
          },
          {
            "d": "YDXCP"
          },
          {
            "d": "OCLCG"
          },
          {
            "d": "CRU"
          },
          {
            "d": "ZCU"
          },
          {
            "d": "UKM"
          },
          {
            "d": "GEBAY"
          },
          {
            "d": "BDX"
          },
          {
            "d": "GBVCP"
          },
          {
            "d": "KIJ"
          },
          {
            "d": "OCLCO"
          },
          {
            "d": "OCLCF"
          },
          {
            "d": "OCLCQ"
          },
          {
            "d": "OCLCA"
          },
          {
            "d": "UAB"
          },
          {
            "d": "VLW"
          },
          {
            "d": "OCLCO"
          }
        ]
      }
    },
    {
      "015": {
        "ind1": "\\",
        "ind2": "\\",
        "subfields": [
          {
            "a": "GB9248253"
          },
          {
            "2": "bnb"
          }
        ]
      }
    },
    {
      "019": {
        "ind1": "\\",
        "ind2": "\\",
        "subfields": [
          {
            "a": "28111361"
          },
          {
            "a": "877243919"
          },
          {
            "a": "1141617064"
          }
        ]
      }
    },
    {
      "020": {
        "ind1": "\\",
        "ind2": "\\",
        "subfields": [
          {
            "a": "0080413366"
          }
        ]
      }
    },
    {
      "020": {
        "ind1": "\\",
        "ind2": "\\",
        "subfields": [
          {
            "a": "9780080413365"
          }
        ]
      }
    },
    {
      "035": {
        "ind1": "\\",
        "ind2": "\\",
        "subfields": [
          {
            "a": "(OCoLC)26471004"
          },
          {
            "z": "(OCoLC)28111361"
          },
          {
            "z": "(OCoLC)877243919"
          },
          {
            "z": "(OCoLC)1141617064"
          }
        ]
      }
    },
    {
      "043": {
        "ind1": "\\",
        "ind2": "\\",
        "subfields": [
          {
            "a": "n-us---"
          },
          {
            "a": "e-ur---"
          }
        ]
      }
    },
    {
      "050": {
        "ind1": "0",
        "ind2": "0",
        "subfields": [
          {
            "a": "UA12.5"
          },
          {
            "b": ".S77 1992"
          }
        ]
      }
    },
    {
      "050": {
        "ind1": "1",
        "ind2": "4",
        "subfields": [
          {
            "a": "JX1974.76"
          },
          {
            "b": ".S77 1992"
          }
        ]
      }
    },
    {
      "055": {
        "ind1": "\\",
        "ind2": "3",
        "subfields": [
          {
            "a": "JX 1974.7"
          },
          {
            "b": "S964 1992"
          }
        ]
      }
    },
    {
      "082": {
        "ind1": "0",
        "ind2": "0",
        "subfields": [
          {
            "a": "327.174028"
          },
          {
            "b": "STR"
          }
        ]
      }
    },
    {
      "245": {
        "ind1": "0",
        "ind2": "0",
        "subfields": [
          {
            "a": "Strategic arms control in the post-START era /"
          },
          {
            "c": "edited by Rose Gottemoeller."
          }
        ]
      }
    },
    {
      "250": {
        "ind1": "\\",
        "ind2": "\\",
        "subfields": [
          {
            "a": "1st English ed."
          }
        ]
      }
    },
    {
      "260": {
        "ind1": "\\",
        "ind2": "\\",
        "subfields": [
          {
            "a": "London ;"
          },
          {
            "a": "Washington :"
          },
          {
            "b": "Brassey's for the IISS,"
          },
          {
            "c": "1992."
          }
        ]
      }
    },
    {
      "300": {
        "ind1": "\\",
        "ind2": "\\",
        "subfields": [
          {
            "a": "xlix, 212 pages ;"
          },
          {
            "c": "24 cm"
          }
        ]
      }
    },
    {
      "336": {
        "ind1": "\\",
        "ind2": "\\",
        "subfields": [
          {
            "a": "text"
          },
          {
            "b": "txt"
          },
          {
            "2": "rdacontent"
          }
        ]
      }
    },
    {
      "337": {
        "ind1": "\\",
        "ind2": "\\",
        "subfields": [
          {
            "a": "unmediated"
          },
          {
            "b": "n"
          },
          {
            "2": "rdamedia"
          }
        ]
      }
    },
    {
      "338": {
        "ind1": "\\",
        "ind2": "\\",
        "subfields": [
          {
            "a": "volume"
          },
          {
            "b": "nc"
          },
          {
            "2": "rdacarrier"
          }
        ]
      }
    },
    {
      "505": {
        "ind1": "0",
        "ind2": "\\",
        "subfields": [
          {
            "a": "Environment. Strategic stability in a restructured world / Walter B. Slocombe -- Strategic arms control in the post-START era : the negotiating environment / Lawrence Freedman -- The environment for new negotiations on strategic arms reductions : the European dimension / Vladimir G. Baranovsky and Vitaly V. Zhurkin -- Impact of START. Consequences of START for US strategic force structure / Michee\u0301le A. Flournoy -- The unfulfilled promise of START / Paul H. Nitze -- Immediate next steps. Revising the START process / Robert Einhorn -- Further reductions in strategic arms, and confidence-building and predictability measures / Sergei Kortunov -- Strategic arms reductions : an agenda for START II / Edward L. Warner III -- Options for future strategic arms reductions / Sergei Federenko and Andrei Kortunov -- Factors influencing future deep reductions. Nuclear proliferation, strategy and nuclear arms control / Harald Mu\u0308ller -- Global nuclear order in an era of proliferation / Lewis A. Dunn."
          }
        ]
      }
    },
    {
      "505": {
        "ind1": "0",
        "ind2": "\\",
        "subfields": [
          {
            "a": "(cont.) The offence-defence relationship and its contribution to stability / Alexei Arbatov -- Targeting and deterrence / Bruce G. Blair -- Limitation of cruise missile technologies : a road to strategic stability / Gennady K. Khromov -- Cost factors and strategic forces in the post-START era / Lawrence J. Korb."
          }
        ]
      }
    },
    {
      "520": {
        "ind1": "\\",
        "ind2": "\\",
        "subfields": [
          {
            "a": "This volume sets out and examines the major issues affecting the future of strategic arms control beyond the START Treaty, beyond the old East-West confrontation, and beyond the Soviet state itself. The product of a working group convened by the International Institute for Strategic Studies, it contains selected papers by an authoritative group of scholars and practitioners, among them Paul H. Nitze, former chief START negotiator and senior adviser to the Reagan administration, and Gennady K. Khromov former senior representative of Soviet military industries in the Kremlin. Addressing options for reducing strategic arms, approaches for negotiation, and the impact of factors such as cost and new technologies, Strategic Arms Control in the Post-START Era is a timely work which will inform discussion and debate at the highest levels and within the broad policy community."
          }
        ]
      }
    },
    {
      "504": {
        "ind1": "\\",
        "ind2": "\\",
        "subfields": [
          {
            "a": "Includes bibliographical references and index."
          }
        ]
      }
    },
    {
      "611": {
        "ind1": "2",
        "ind2": "0",
        "subfields": [
          {
            "a": "Strategic Arms Reduction Talks."
          }
        ]
      }
    },
    {
      "611": {
        "ind1": "2",
        "ind2": "7",
        "subfields": [
          {
            "a": "Strategic Arms Reduction Talks."
          },
          {
            "2": "fast"
          },
          {
            "0": "(OCoLC)fst01406404"
          }
        ]
      }
    },
    {
      "650": {
        "ind1": "\\",
        "ind2": "0",
        "subfields": [
          {
            "a": "Nuclear arms control"
          },
          {
            "x": "Verification"
          },
          {
            "z": "United States."
          }
        ]
      }
    },
    {
      "650": {
        "ind1": "\\",
        "ind2": "0",
        "subfields": [
          {
            "a": "Nuclear arms control"
          },
          {
            "x": "Verification"
          },
          {
            "z": "Soviet Union."
          }
        ]
      }
    },
    {
      "650": {
        "ind1": "\\",
        "ind2": "7",
        "subfields": [
          {
            "a": "Nuclear arms control"
          },
          {
            "x": "Verification."
          },
          {
            "2": "fast"
          },
          {
            "0": "(OCoLC)fst01039895"
          }
        ]
      }
    },
    {
      "651": {
        "ind1": "\\",
        "ind2": "7",
        "subfields": [
          {
            "a": "Soviet Union."
          },
          {
            "2": "fast"
          },
          {
            "0": "(OCoLC)fst01210281"
          }
        ]
      }
    },
    {
      "651": {
        "ind1": "\\",
        "ind2": "7",
        "subfields": [
          {
            "a": "United States."
          },
          {
            "2": "fast"
          },
          {
            "0": "(OCoLC)fst01204155"
          }
        ]
      }
    },
    {
      "655": {
        "ind1": "\\",
        "ind2": "7",
        "subfields": [
          {
            "a": "Conference papers and proceedings."
          },
          {
            "2": "fast"
          },
          {
            "0": "(OCoLC)fst01423772"
          }
        ]
      }
    },
    {
      "700": {
        "ind1": "1",
        "ind2": "\\",
        "subfields": [
          {
            "a": "Gottemoeller, Rose E."
          },
          {
            "q": "(Rose Eilene),"
          },
          {
            "d": "1953-"
          }
        ]
      }
    },
    {
      "710": {
        "ind1": "2",
        "ind2": "\\",
        "subfields": [
          {
            "a": "International Institute for Strategic Studies."
          }
        ]
      }
    },
    {
      "776": {
        "ind1": "0",
        "ind2": "8",
        "subfields": [
          {
            "i": "Online version:"
          },
          {
            "t": "Strategic arms control in the post-START era."
          },
          {
            "b": "1st English ed."
          },
          {
            "d": "London ; Washington : Brassey's for the IISS, 1992"
          },
          {
            "w": "(OCoLC)607852642"
          }
        ]
      }
    },
    {
      "994": {
        "ind1": "\\",
        "ind2": "\\",
        "subfields": [
          {
            "a": "Z0"
          },
          {
            "b": "NYRVC"
          }
        ]
      }
    },
    {
      "948": {
        "ind1": "\\",
        "ind2": "\\",
        "subfields": [
          {
            "h": "NO HOLDINGS IN NYRVC - 131 OTHER HOLDINGS"
          }
        ]
      }
    },
    {
      "999": {
        "ind1": "\\",
        "ind2": "\\",
        "subfields": [
          {
            "a": "00000000026433"
          }
        ]
      }
    }
  ]
}